
@techreport{CSIS2023Reshoring,
  author = "Shivakumar, S. and Wessner, C. and Howell, T.",
  title = "Reshoring Semiconductor Manufacturing: Addressing the Workforce Challenge",
  institution = "Center for Strategic and International Studies (CSIS)",
  year = "2023"
}
@misc{IRDS2020,
  author       = {IEEE},
  howpublished = {online},
  title        = {Semiconductor Leaders - IEEE IRDSâ„¢},
  year         = {2020}
}